<?xml version="1.0" encoding="UTF-8"?><collection xmlns="http://www.loc.gov/MARC21/slim"><record><leader>00522nam--2200181-i-4500</leader><controlfield tag="001">000023679</controlfield><controlfield tag="002">20161230</controlfield><controlfield tag="005">20161230201035</controlfield><controlfield tag="008">060222s1000------------r-----000-0-fre-d</controlfield><datafield ind1=" " ind2=" " tag="040"><subfield code="a">IFIN-HH</subfield></datafield><datafield ind1=" " ind2=" " tag="041"><subfield code="a">fre</subfield></datafield><datafield ind1=" " ind2=" " tag="080"><subfield code="a">537.531(045)</subfield></datafield><datafield ind1="1" ind2=" " tag="100"><subfield code="a">Hulubei, Horia M</subfield></datafield><datafield ind1="1" ind2="0" tag="245"><subfield code="a">Mise en evidence, aux rayons x des deformations d`un reseau cristallin sous l`action du champ electrique</subfield><subfield code="c">Horia hulubei</subfield></datafield><datafield ind1=" " ind2=" " tag="260"><subfield code="a">Paris</subfield><subfield code="b">Gauthier-villars</subfield><subfield code="c">1935</subfield></datafield><datafield ind1=" " ind2=" " tag="300"><subfield code="a">3 P</subfield></datafield><datafield ind1=" " ind2=" " tag="852"><subfield code="a">44674</subfield><subfield code="c">H.H</subfield></datafield><datafield ind1=" " ind2=" " tag="CAT"><subfield code="a">Sys</subfield><subfield code="c">20130417</subfield><subfield code="h">105431</subfield></datafield></record></collection>